%%%%%%%%%%%%%%%%%%%%%%%%%%%%%%%%%%%%%%%%%%%%%%%%%%
%%%%		~~~~ Bibliography ~~~~
%%%%%%%%%%%%%%%%%%%%%%%%%%%%%%%%%%%%%%%%%%%%%%%%%%
%
% Methods to get the information:
%       - Use the DOI of an article with doi2bib.org
%       - Use Google scholar to get .bib citations


@article{David_2002,
   title={Microscopic formulation of black holes in string theory},
   volume={369},
   ISSN={0370-1573},
   url={http://dx.doi.org/10.1016/S0370-1573(02)00271-5},
   DOI={10.1016/s0370-1573(02)00271-5},
   number={6},
   journal={Physics Reports},
   publisher={Elsevier BV},
   author={David, Justin R. and Mandal, Gautam and Wadia, Spenta R.},
   year={2002},
   month=nov, pages={549–686} }

@article{Hassan_1998,
   title={Gauge theory description of D-brane black holes: Emergence of the effective SCFT and Hawking radiation},
   volume={526},
   ISSN={0550-3213},
   url={http://dx.doi.org/10.1016/S0550-3213(98)00372-1},
   DOI={10.1016/s0550-3213(98)00372-1},
   number={1–3},
   journal={Nuclear Physics B},
   publisher={Elsevier BV},
   author={Hassan, S.F. and Wadia, Spenta R.},
   year={1998},
   month=aug, pages={311–333} }

@article{Strominger_1996,
   title={Microscopic origin of the Bekenstein-Hawking entropy},
   volume={379},
   ISSN={0370-2693},
   url={http://dx.doi.org/10.1016/0370-2693(96)00345-0},
   DOI={10.1016/0370-2693(96)00345-0},
   number={1–4},
   journal={Physics Letters B},
   publisher={Elsevier BV},
   author={Strominger, Andrew and Vafa, Cumrun},
   year={1996},
   month=jun, pages={99–104} }

@misc{maldacena1996black,
      title={Black Holes in String Theory}, 
      author={Juan M. Maldacena},
      year={1996},
      eprint={hep-th/9607235},
      archivePrefix={arXiv},
      primaryClass={hep-th}
}

@article{Alvarez-Gaume_Freedman_1981, title={Geometrical structure and ultraviolet finiteness in the supersymmetric $\sigma$-model}, volume={80}, DOI={10.1007/bf01208280}, number={3}, journal={Communications in Mathematical Physics}, author={Alvarez-Gaume, Luis and Freedman, Daniel}, year={1981}, pages={443–451}} 

@misc{mandal2000review,
      title={A review of the D1/D5 system and five dimensional black hole from supergravity and brane viewpoint}, 
      author={Gautam Mandal},
      year={2000},
      eprint={hep-th/0002184},
      archivePrefix={arXiv},
      primaryClass={hep-th}
}

@article{WETTERICH198320,
title = {Dimensional reduction of Weyl, Majorana and Majorana-Weyl spinors},
journal = {Nuclear Physics B},
volume = {222},
number = {1},
pages = {20-44},
year = {1983},
issn = {0550-3213},
doi = {https://doi.org/10.1016/0550-3213(83)90607-7},
url = {https://www.sciencedirect.com/science/article/pii/0550321383906077},
author = {C. Wetterich},
abstract = {We discuss the dimensional reduction for Weyl, Majorana, or Majorana-Weyl spinors coupled to pure d-dimensional (d ⪢ 4) gravity. The only case where a realistic four-dimensional low-energy spectrum for the fermions may be obtained, is for a Majorana-Weyl spinor in d = 2 mod 8 dimensions. Chiral massless fermions are not excluded in this case. The minimal number of dimensions for the construction of a realistic theory out of pure gravity is d = 18.}
}

@phdthesis{Stemerdink:2022hnf,
    author = "Stemerdink, Koen Christiaan",
    title = "{Black Holes from Branes: Various string theoretical constructions}",
    doi = "10.33540/1379",
    year = "2022"
}

@book{Johnson_2023, place={Cambridge}, title={D-branes}, publisher={Cambridge University Press}, author={Johnson, Clifford V.}, year={2023}}

@book{Polchinski_1998, place={Cambridge, U.K.}, title={String theory I-II. volume II: Superstring theory and beyond}, publisher={Cambridge University Press}, author={Polchinski, Joseph}, year={1998}} 

